@thesis{barucic,
  title={Automatic intron detection in fungal genomes using machine learning},
  author={Baručić, Denis},
  year={2019},
  institution={Czech Techincal University in Prague}
}

@article{hawksworth2017fungal,
  title={Fungal diversity revisited: 2.2 to 3.8 million species},
  author={Hawksworth, David L and L{\"u}cking, Robert},
  journal={The fungal kingdom},
  pages={79--95},
  year={2017},
  publisher={Wiley Online Library}
}

@article{hawksworth2012global,
  title={Global species numbers of fungi: are tropical studies and molecular approaches contributing to a more robust estimate?},
  author={Hawksworth, DL},
  journal={Biodiversity and Conservation},
  volume={21},
  number={9},
  pages={2425--2433},
  year={2012},
  publisher={Springer}
}

@article{microbiology2017stop,
  title={Stop neglecting fungi},
  author={Microbiology, Nature},
  journal={Nat Microbiol},
  volume={2},
  pages={17120},
  year={2017}
}

@article{alberts2018molecular,
  title={Molecular biology of the cell},
  author={Alberts, Bruce and Johnson, Alexander and Lewis, Julian and Morgan, David and Raff, Martin and Keith Roberts, Peter Walter and others},
  year={2018},
  publisher={Garland Science, Taylor and Francis Group,}
}

@online{NHGRI_sequencing_costs,
  author = {Kris A. Wetterstrand, M.S.},
  title = {DNA Sequencing Costs: Data},
  year = 2019,
  url = {https://www.genome.gov/about-genomics/fact-sheets/DNA-Sequencing-Costs-Data},
  urldate = {2019-10-30}
}

@article{benson2012genbank,
  title={GenBank},
  author={Benson, Dennis A and Cavanaugh, Mark and Clark, Karen and Karsch-Mizrachi, Ilene and Lipman, David J and Ostell, James and Sayers, Eric W},
  journal={Nucleic acids research},
  volume={41},
  number={D1},
  pages={D36--D42},
  year={2012},
  publisher={Oxford University Press}
}

@online{genbank_release_notes,
  organization = {GenBank},
  title = {Release Notes For GenBank Release 233},
  year = 2019,
  url = {https://www.ncbi.nlm.nih.gov/genbank/release/233/},
  urldate = {2019-11-09}
}

@article{morgenstern2002exon,
  title={Exon discovery by genomic sequence alignment},
  author={Morgenstern, Burkhard and Rinner, Oliver and Abdedda{\"\i}m, Sa{\"\i}d and Haase, Dirk and Mayer, Klaus FX and Dress, Andreas WM and Mewes, Hans-Werner},
  journal={Bioinformatics},
  volume={18},
  number={6},
  pages={777--787},
  year={2002},
  publisher={Oxford University Press}
}

@article{slijepcevic2018genome,
  title={Genome dynamics over evolutionary time:“C-value enigma” in light of chromosome structure},
  author={Slijepcevic, Predrag},
  journal={Mutation Research/Genetic Toxicology and Environmental Mutagenesis},
  volume={836},
  pages={22--27},
  year={2018},
  publisher={Elsevier}
}

@article{pennisi2007dna,
  title={DNA study forces rethink of what it means to be a gene},
  author={Pennisi, Elizabeth},
  journal={Science},
  volume={316},
  number={5831},
  pages={1556--1557},
  year={2007},
  publisher={American Association for the Advancement of Science}
}

@article{cybenko1989approximation,
  title={Approximation by superpositions of a sigmoidal function},
  author={Cybenko, George},
  journal={Mathematics of control, signals and systems},
  volume={2},
  number={4},
  pages={303--314},
  year={1989},
  publisher={Springer}
}

@article{bicknell2012introns,
  title={Introns in UTRs: why we should stop ignoring them},
  author={Bicknell, Alicia A and Cenik, Can and Chua, Hon N and Roth, Frederick P and Moore, Melissa J},
  journal={Bioessays},
  volume={34},
  number={12},
  pages={1025--1034},
  year={2012},
  publisher={Wiley Online Library}
}

@article{shapiro1987rna,
  title={RNA splice junctions of different classes of eukaryotes: sequence statistics and functional implications in gene expression},
  author={Shapiro, Marvin B and Senapathy, Periannan},
  journal={Nucleic acids research},
  volume={15},
  number={17},
  pages={7155--7174},
  year={1987},
  publisher={Oxford University Press}
}

@article{pineda2018most,
  title={Most human introns are recognized via multiple and tissue-specific branchpoints},
  author={Pineda, Jose Mario Bello and Bradley, Robert K},
  journal={Genes \& development},
  volume={32},
  number={7-8},
  pages={577--591},
  year={2018},
  publisher={Cold Spring Harbor Lab}
}

@article{silver2016mastering,
  title={Mastering the game of Go with deep neural networks and tree search},
  author={Silver, David and Huang, Aja and Maddison, Chris J and Guez, Arthur and Sifre, Laurent and Van Den Driessche, George and Schrittwieser, Julian and Antonoglou, Ioannis and Panneershelvam, Veda and Lanctot, Marc and others},
  journal={nature},
  volume={529},
  number={7587},
  pages={484},
  year={2016},
  publisher={Nature Publishing Group}
}

@article{sun2015deepid3,
  title={Deepid3: Face recognition with very deep neural networks},
  author={Sun, Yi and Liang, Ding and Wang, Xiaogang and Tang, Xiaoou},
  journal={arXiv preprint arXiv:1502.00873},
  year={2015}
}

@article{xiong2016achieving,
  title={Achieving human parity in conversational speech recognition},
  author={Xiong, Wayne and Droppo, Jasha and Huang, Xuedong and Seide, Frank and Seltzer, Mike and Stolcke, Andreas and Yu, Dong and Zweig, Geoffrey},
  journal={arXiv preprint arXiv:1610.05256},
  year={2016}
}

@article{bychkov2018deep,
  title={Deep learning based tissue analysis predicts outcome in colorectal cancer},
  author={Bychkov, Dmitrii and Linder, Nina and Turkki, Riku and Nordling, Stig and Kovanen, Panu E and Verrill, Clare and Walliander, Margarita and Lundin, Mikael and Haglund, Caj and Lundin, Johan},
  journal={Scientific reports},
  volume={8},
  number={1},
  pages={3395},
  year={2018},
  publisher={Nature Publishing Group}
}

@article{testa2015codingquarry,
  title={CodingQuarry: highly accurate hidden Markov model gene prediction in fungal genomes using RNA-seq transcripts},
  author={Testa, Alison C and Hane, James K and Ellwood, Simon R and Oliver, Richard P},
  journal={BMC genomics},
  volume={16},
  number={1},
  pages={170},
  year={2015},
  publisher={BioMed Central}
}

@inproceedings{pashaei2016novel,
  title={A novel method for splice sites prediction using sequence component and hidden markov model},
  author={Pashaei, Elham and Yilmaz, Alper and Ozen, Mustafa and Aydin, Nizamettin},
  booktitle={2016 38th Annual International Conference of the IEEE Engineering in Medicine and Biology Society (EMBC)},
  pages={3076--3079},
  year={2016},
  organization={IEEE}
}

@article{goel2015improved,
  title={An improved method for splice site prediction in DNA sequences using support vector machines},
  author={Goel, Neelam and Singh, Shailendra and Aseri, Trilok Chand},
  journal={Procedia Computer Science},
  volume={57},
  pages={358--367},
  year={2015},
  publisher={Elsevier}
}

@inproceedings{sarkar2019splice,
  title={Splice Junction Prediction in DNA Sequence Using Multilayered RNN Model},
  author={Sarkar, Rahul and Chatterjee, Chandra Churh and Das, Sayantan and Mondal, Dhiman},
  booktitle={International Conference on E-Business and Telecommunications},
  pages={39--47},
  year={2019},
  organization={Springer}
}

@article{zuallaert2018splicerover,
  title={SpliceRover: interpretable convolutional neural networks for improved splice site prediction},
  author={Zuallaert, Jasper and Godin, Fr{\'e}deric and Kim, Mijung and Soete, Arne and Saeys, Yvan and De Neve, Wesley},
  journal={Bioinformatics},
  volume={34},
  number={24},
  pages={4180--4188},
  year={2018},
  publisher={Oxford University Press}
}

@article{shafee2017eukaryotic,
  title={Eukaryotic and prokaryotic gene structure},
  author={Shafee, Thomas and Lowe, Rohan},
  journal={WikiJournal of Medicine},
  volume={4},
  number={1},
  pages={2},
  year={2017}
}

@book{pollard2016cell,
  title={Cell Biology},
  author={Pollard, Thomas D and Earnshaw, William C and Lippincott-Schwartz, Jennifer and Johnson, Graham},
  year={2016},
  publisher={Elsevier Health Sciences},
  edition={Third Edition}
}

@book{goodfellow2016deep,
  title={Deep learning},
  author={Goodfellow, Ian and Bengio, Yoshua and Courville, Aaron},
  year={2016},
  publisher={MIT press}
}

@inproceedings{hassanzadeh2016deeperbind,
  title={DeeperBind: Enhancing prediction of sequence specificities of DNA binding proteins},
  author={Hassanzadeh, Hamid Reza and Wang, May D},
  booktitle={2016 IEEE International Conference on Bioinformatics and Biomedicine (BIBM)},
  pages={178--183},
  year={2016},
  organization={IEEE}
}

@article{lee2015dna,
  title={DNA-level splice junction prediction using deep recurrent neural networks},
  author={Lee, Byunghan and Lee, Taehoon and Na, Byunggook and Yoon, Sungroh},
  journal={arXiv preprint arXiv:1512.05135},
  year={2015}
}

@article{naito2018human,
  title={Human splice-site prediction with deep neural networks},
  author={Naito, Tatsuhiko},
  journal={Journal of Computational Biology},
  volume={25},
  number={8},
  pages={954--961},
  year={2018},
  publisher={Mary Ann Liebert, Inc. 140 Huguenot Street, 3rd Floor New Rochelle, NY 10801 USA}
}

@online{rust-web,
  title = {Rust Programming Language},
  year = 2020,
  url = {https://www.rust-lang.org/},
  urldate = {2020-09-14}
}

@article{matsakis2014rust,
  title={The rust language},
  author={Matsakis, Nicholas D and Klock, Felix S},
  journal={ACM SIGAda Ada Letters},
  volume={34},
  number={3},
  pages={103--104},
  year={2014},
  publisher={ACM New York, NY, USA}
}

@article{ison2013edam,
  title={EDAM: an ontology of bioinformatics operations, types of data and identifiers, topics and formats},
  author={Ison, Jon and Kala{\v{s}}, Mat{\'u}{\v{s}} and Jonassen, Inge and Bolser, Dan and Uludag, Mahmut and McWilliam, Hamish and Malone, James and Lopez, Rodrigo and Pettifer, Steve and Rice, Peter},
  journal={Bioinformatics},
  volume={29},
  number={10},
  pages={1325--1332},
  year={2013},
  publisher={Oxford University Press}
}

@online{nucleotide-img,
  title = {Generic structure of nucleotides},
  author = {NEUROtiker},
  year = {2008},
  url = {https://commons.wikimedia.org/wiki/File:Nukleotid_num.svg},
  urldate = {2020-10-18}
}

@online{feed-forward-img,
  title = {Artificial neural network with layer coloring},
  author = {Glosser.ca},
  year = {2013},
  url = {https://commons.wikimedia.org/wiki/File:Colored_neural_network.svg},
  urldate = {2020-10-18}
}

@article{dumoulin2016guide,
  title={A guide to convolution arithmetic for deep learning},
  author={Dumoulin, Vincent and Visin, Francesco},
  journal={arXiv preprint arXiv:1603.07285},
  year={2016}
}

@book{bengio2009learning,
  title={Learning deep architectures for AI},
  author={Bengio, Yoshua},
  year={2009},
  publisher={Now Publishers Inc}
}

@article{clancy2008rna,
  title={RNA splicing: introns, exons and spliceosome},
  author={Clancy, Suzanne},
  journal={Nature Education},
  volume={1},
  number={1},
  pages={31},
  year={2008}
}

@article{cooper2000cell,
  title={The cell: a molecular approach, 2nd edn Sunderland},
  author={Cooper, GM and Hausman, RE},
  journal={MA: Sinauer Associates.[Google Scholar]},
  year={2000}
}

@book{king2006dictionary,
  title={A dictionary of genetics},
  author={King, Robert C and Stansfield, William D and Mulligan, Pamela Khipple and others},
  year={2006},
  publisher={Oxford University Press, USA}
}

@book{jankowski1996clinical,
  title={Clinical gene analysis and manipulation: Tools, techniques and troubleshooting},
  author={Jankowski, Janusz AZ and Polak, Julia M},
  year={1996},
  publisher={Cambridge University Press}
}

@article{srivastava2014dropout,
  title={Dropout: a simple way to prevent neural networks from overfitting},
  author={Srivastava, Nitish and Hinton, Geoffrey and Krizhevsky, Alex and Sutskever, Ilya and Salakhutdinov, Ruslan},
  journal={The journal of machine learning research},
  volume={15},
  number={1},
  pages={1929--1958},
  year={2014},
  publisher={JMLR. org}
}

@article{ramachandran2017searching,
  title={Searching for activation functions},
  author={Ramachandran, Prajit and Zoph, Barret and Le, Quoc V},
  journal={arXiv preprint arXiv:1710.05941},
  year={2017}
}

@inproceedings{maas2013rectifier,
  title={Rectifier nonlinearities improve neural network acoustic models},
  author={Maas, Andrew L and Hannun, Awni Y and Ng, Andrew Y},
  booktitle={Proc. icml},
  volume={30},
  number={1},
  pages={3},
  year={2013}
}

@inproceedings{he2016deep,
  title={Deep residual learning for image recognition},
  author={He, Kaiming and Zhang, Xiangyu and Ren, Shaoqing and Sun, Jian},
  booktitle={Proceedings of the IEEE conference on computer vision and pattern recognition},
  pages={770--778},
  year={2016}
}

@inproceedings{wilson2017marginal,
  title={The marginal value of adaptive gradient methods in machine learning},
  author={Wilson, Ashia C and Roelofs, Rebecca and Stern, Mitchell and Srebro, Nati and Recht, Benjamin},
  booktitle={Advances in neural information processing systems},
  pages={4148--4158},
  year={2017}
}

@article{bani2018role,
  title={The role of microbial community in the decomposition of leaf litter and deadwood},
  author={Bani, Alessia and Pioli, Silvia and Ventura, Maurizio and Panzacchi, Pietro and Borruso, Luigimaria and Tognetti, Roberto and Tonon, Giustino and Brusetti, Lorenzo},
  journal={Applied Soil Ecology},
  volume={126},
  pages={75--84},
  year={2018},
  publisher={Elsevier}
}

@article{christensen2005wood,
  title={Wood-inhabiting fungi as indicators of nature value in European beech forests},
  author={Christensen, M and Heilmann-Clausen, J and Walleyn, R and Adamcik, S},
  journal={Monitoring and Indicators of Forest Biodiversity in Europe--From Ideas to Operationality},
  volume={229},
  year={2005}
}

@article{needleman1970general,
  title={A general method applicable to the search for similarities in the amino acid sequence of two proteins},
  author={Needleman, Saul B and Wunsch, Christian D},
  journal={Journal of molecular biology},
  volume={48},
  number={3},
  pages={443--453},
  year={1970},
  publisher={Elsevier}
}

@article{smith1981identification,
  title={Identification of common molecular subsequences},
  author={Smith, Temple F and Waterman, Michael S and others},
  journal={Journal of molecular biology},
  volume={147},
  number={1},
  pages={195--197},
  year={1981},
  publisher={Elsevier Science}
}

@book{sung2009algorithms,
  title={Algorithms in bioinformatics: A practical introduction},
  author={Sung, Wing-Kin},
  year={2009},
  publisher={CRC Press}
}

@article{casey2005blast,
  title={BLAST sequences aid in genomics and proteomics},
  author={Casey, RM},
  journal={Business Intelligence Network},
  year={2005}
}

@article{masters2018revisitingb,
  title={Revisiting small batch training for deep neural networks},
  author={Masters, Dominic and Luschi, Carlo},
  journal={arXiv preprint arXiv:1804.07612},
  year={2018}
}

@inproceedings{wang2006nearest,
  title={A nearest-neighbor approach to estimating divergence between continuous random vectors},
  author={Wang, Qing and Kulkarni, Sanjeev R and Verd{\'u}, Sergio},
  booktitle={2006 IEEE International Symposium on Information Theory},
  pages={242--246},
  year={2006},
  organization={IEEE}
}

@article{djordjevic2012ext4,
  title={Ext4 file system in linux environment: Features and performance analysis},
  author={Djordjevic, Borislav and Timcenko, Valentina},
  journal={International Journal of Computers},
  volume={1},
  number={6},
  pages={2012},
  year={2012},
  publisher={Citeseer}
}

@article{de2013exon,
  title={Exon and intron definition in pre-mRNA splicing},
  author={De Conti, Laura and Baralle, Marco and Buratti, Emanuele},
  journal={Wiley Interdisciplinary Reviews: RNA},
  volume={4},
  number={1},
  pages={49--60},
  year={2013},
  publisher={Wiley Online Library}
}

@incollection{hoeffding1994probability,
  title={Probability inequalities for sums of bounded random variables},
  author={Hoeffding, Wassily},
  booktitle={The Collected Works of Wassily Hoeffding},
  pages={409--426},
  year={1994},
  publisher={Springer}
}

@article{grigoriev2014mycocosm,
  title={MycoCosm portal: gearing up for 1000 fungal genomes},
  author={Grigoriev, Igor V and Nikitin, Roman and Haridas, Sajeet and Kuo, Alan and Ohm, Robin and Otillar, Robert and Riley, Robert and Salamov, Asaf and Zhao, Xueling and Korzeniewski, Frank and others},
  journal={Nucleic acids research},
  volume={42},
  number={D1},
  pages={D699--D704},
  year={2014},
  publisher={Oxford University Press}
}

@article{li2012gene,
  title={Gene direction in living organisms},
  author={Li, Xiu-Qing and Du, Donglei},
  journal={Scientific Reports},
  volume={2},
  number={1},
  pages={1--4},
  year={2012},
  publisher={Nature Publishing Group}
}

@online{gcp-pricing,
  title = {VM instances pricing},
  year = 2020,
  url = {https://cloud.google.com/compute/vm-instance-pricing},
  urldate = {2020-11-24}
}

@article{piovesan2015identification,
  title={Identification of minimal eukaryotic introns through GeneBase, a user-friendly tool for parsing the NCBI Gene databank},
  author={Piovesan, Allison and Caracausi, Maria and Ricci, Marco and Strippoli, Pierluigi and Vitale, Lorenza and Pelleri, Maria Chiara},
  journal={DNA Research},
  volume={22},
  number={6},
  pages={495--503},
  year={2015},
  publisher={Oxford University Press}
}

@misc{chollet2015keras,
  title={Keras},
  author={Chollet, Fran\c{c}ois and others},
  year={2015},
  howpublished={\url{https://keras.io}}
}

@article{abadi2016tensorflow,
  title={Tensorflow: Large-scale machine learning on heterogeneous distributed systems},
  author={Abadi, Martin and Agarwal, Ashish and Barham, Paul and Brevdo, Eugene and Chen, Zhifeng and Citro, Craig and Corrado, Greg S and Davis, Andy and Dean, Jeffrey and Devin, Matthieu and others},
  journal={arXiv preprint arXiv:1603.04467},
  year={2016}
}

@article{senior2020improved,
  title={Improved protein structure prediction using potentials from deep learning},
  author={Senior, Andrew W and Evans, Richard and Jumper, John and Kirkpatrick, James and Sifre, Laurent and Green, Tim and Qin, Chongli and {\v{Z}}{\'\i}dek, Augustin and Nelson, Alexander WR and Bridgland, Alex and others},
  journal={Nature},
  volume={577},
  number={7792},
  pages={706--710},
  year={2020},
  publisher={Nature Publishing Group}
}

@online{gff,
  organization = {Generic Model Organism Database},
  title = {GFF3},
  year = 2016,
  url = {http://gmod.org/wiki/GFF3},
  urldate = {2020-12-03}
}

@book{johnson2005univariate,
  title={Univariate discrete distributions},
  author={Johnson, Norman L and Kemp, Adrienne W and Kotz, Samuel},
  volume={444},
  year={2005},
  publisher={John Wiley \& Sons}
}

@article{nguyen2016dna,
  title={DNA sequence classification by convolutional neural network},
  author={Nguyen, Ngoc Giang and Tran, Vu Anh and Ngo, Duc Luu and Phan, Dau and Lumbanraja, Favorisen Rosyking and Faisal, Mohammad Reza and Abapihi, Bahriddin and Kubo, Mamoru and Satou, Kenji and others},
  journal={Journal of Biomedical Science and Engineering},
  volume={9},
  number={05},
  pages={280},
  year={2016},
  publisher={Scientific Research Publishing}
}
